@InProceedings{Medhat2015,
 author 	= {Medhat, Ramy and Ramesh, S. and Bonakdarpour, Borzoo and Fischmeister, Sebastian},
 title 		= {A Framework for Mining Hybrid Automata from Input/Output Traces},
 booktitle 	= {Proceedings of the 12th International Conference on Embedded Software},
 series 	= {EMSOFT '15},
 year 		= {2015},
 isbn 		= {978-1-4673-8079-9},
 location 	= {Amsterdam, The Netherlands},
 pages 	= {177--186},
 numpages 	= {10},
 url 		= {http://dl.acm.org/citation.cfm?id=2830865.2830885},
 acmid 	= {2830885},
 publisher 	= {IEEE Press},
 address 	= {Piscataway, NJ, USA},
} 

@InProceedings{munir2014depsys,
  title		={DepSys: Dependency aware integration of cyber-physical systems for smart homes},
  author	={Munir, Sirajum and Stankovic, John and others},
  booktitle	={Cyber-Physical Systems (ICCPS), 2014 ACM/IEEE International Conference on},
  pages	={127--138},
  year		={2014},
  organization={IEEE}
}

@article{munir2015eyephy,
  title		={EyePhy: Detecting Dependencies in Cyber-Physical System Apps due to Human-in-the-Loop},
  author	={Munir, Sirajum and Ahmed, Mohsin Y and Stankovic, John A},
  booktitle	={12th EAI International Conference on Mobile and Ubiquitous Systems: Computing, Networking and Services},
  year		={2015},
  location 	= {Coimbra, Portugal},
}

@InProceedings{lee2000ieee,
  title		={IEEE 1451: A standard in support of smart transducer networking},
  author	={Lee, Kang},
  booktitle	={Instrumentation and Measurement Technology Conference, 2000. IMTC 2000. Proceedings of the 17th IEEE},
  volume	={2},
  pages	={525--528},
  year		={2000},
  organization={IEEE}
}

@InProceedings{alur2008symbolic,
  title		={Symbolic analysis for improving simulation coverage of Simulink/Stateflow models},
  author	={Alur, Rajeev and Kanade, Aditya and Ramesh, S and Shashidhar, KC},
  booktitle	={Proceedings of the 8th ACM international conference on Embedded software},
  pages	={89--98},
  year		={2008},
  organization={ACM}
}

@article{Blanchini99,
 author = {Blanchini, F.},
 title = {Survey Paper: Set Invariance in Control},
 journal = {Automatica},
 issue_date = {November, 1999},
 volume = {35},
 number = {11},
 month = nov,
 year = {1999},
 issn = {0005-1098},
 pages = {1747--1767},
 numpages = {21},
 publisher = {Pergamon Press, Inc.},
 address = {Tarrytown, NY, USA}
} 


@InProceedings{fan15_c2e2_benchmark,
 author 	= {Chuchu Fan and Parasara Sridhar Duggirala and Sayan Mitra and Mahesh Viswanathan},
 title		= {Progress on Powertrain Verification Challenge with {C2E2}},
 booktitle 	= {ARCH '15: Proc. of the 2nd Workshop on Applied Verification for Continuous and Hybrid Systems},
 year 		= {2015},
 month 	= {April},
 }

@InProceedings{duggirala2015,
  author 	= {Parasara Sridhar Duggirala and Chuchu Fan and Sayan Mitra and Mahesh Viswanathan},
  title 		= {Meeting a Powertrain Verification Challenge},
  booktitle 	= {To appear in the Proceedings of International Conference on Computer Aided Verification (CAV 2015)},
  year 		= {2015}
}

@Inproceedings{donze2010breach,
  title		= {Breach, a toolbox for verification and parameter synthesis of hybrid systems},
  author	= {Donz{\'e}, Alexandre},
  booktitle	= {Computer Aided Verification},
  pages	= {167--170},
  year		= {2010},
  organization={Springer}
}

@inproceedings{GamageMR10,
  author = {Gamage, Thoshitha T. and McMillin, Bruce M. and Roth, Thomas P.},
  booktitle = {COMPSAC Workshops},
  pages = {158-163},
  year = {2010},
  publisher = {IEEE Computer Society},
  title = {Enforcing Information Flow Security Properties in Cyber-Physical Systems: A Generalized Framework Based on Compensation.}
}

@Inbook{Henzinger2016,
author="Henzinger, Thomas A. and Otop, Jan and Samanta, Roopsha",
editor="Jobstmann, Barbara and Leino, K. Rustan M.",
title="Lipschitz Robustness of Timed I/O Systems",
bookTitle="Verification, Model Checking, and Abstract Interpretation: 17th International Conference, VMCAI 2016, St. Petersburg, FL, USA, January 17-19, 2016. Proceedings",
year="2016",
publisher="Springer Berlin Heidelberg",
address="Berlin, Heidelberg",
pages="250--267"
}


@inproceedings{Zou15,
  author    = {Liang Zou and
               Naijun Zhan and
               Shuling Wang and
               Martin Fr{\"{a}}nzle},
  title     = {Formal Verification of Simulink/Stateflow Diagrams},
  booktitle = {Automated Technology for Verification and Analysis - 13th International
               Symposium, Shanghai, China},
  pages     = {464--481},
  year      = {2015}
}

@article{AGRAWAL200443,
title = "Semantic Translation of Simulink/Stateflow Models to Hybrid Automata Using Graph Transformations",
journal = "Electronic Notes in Theoretical Computer Science",
volume = "109",
pages = "43 - 56",
year = "2004",
author = "Aditya Agrawal and Gyula Simon and Gabor Karsai"
}


@Article{staller2005,
  title		= {Understanding analog to digital converter specifications},
  author	= {Staller, Len},
  journal	= {Embedded Systems Design},
  year		= {2005}
}

@Article{leveson2002,
  title		= {System safety engineering: Back to the future},
  author	= {Leveson, Nancy G},
  journal	= {Massachusetts Institute of Technology},
  year 		= {2002}
}

@Article{stephenson1999,
  title		= {Mars climate orbiter mishap investigation board Phase I report, 44 pp},
  author	= {Stephenson, Arthur G and Mulville, Daniel R and Bauer, Frank H and Dukeman, Greg A and Norvig, Peter and LaPiana, LS and Rutledge, PJ and Folta, D and Sackheim, R},
  journal	= {NASA, Washington, DC},
  year		= {1999}
}

@Article{gabor1946theory,
  title		= {Theory of communication. Part 1: The analysis of information},
  author	= {Gabor, Dennis},
  journal	= {Electrical Engineers-Part III: Radio and Communication Engineering, Journal of the Institution of},
  volume	= {93},
  number	= {26},
  pages	= {429--441},
  year		= {1946},
  publisher	= {IET}
}

@Article{polikar1996wavelet,
  title		= {The wavelet tutorial},
  author	= {Polikar, Robi},
  year		= {1996}
}

@Article{harris1978use,
  title		= {On the use of windows for harmonic analysis with the discrete Fourier transform},
  author	= {Harris, Fredric J},
  journal	= {Proceedings of the IEEE},
  volume	= {66},
  number	= {1},
  pages	= {51--83},
  year		= {1978},
  publisher	= {IEEE}
}


@Article{kalayci1995wavelet,
  title		= {Wavelet preprocessing for automated neural network detection of EEG spikes},
  author	= {Kalayci, Tulga and {\"O}zdamar, {\"O}zcan},
  journal	= {Engineering in Medicine and Biology Magazine, IEEE},
  volume	= {14},
  number	= {2},
  pages	= {160--166},
  year		= {1995},
  publisher	= {IEEE}
}

@Article{hassanpour2011time,
  title		= {A time-frequency approach for EEG spike detection},
  author	= {Hassanpour, Hamid and Boashash, Boualem},
  journal	= {Iranica J Energy Environ},
  volume	= {2},
  number	= {4},
  pages	= {390--395},
  year		= {2011}
}

@Article{nenadic2005spike,
  title		= {Spike detection using the continuous wavelet transform},
  author	= {Nenadic, Zoran and Burdick, Joel W},
  journal	= {Biomedical Engineering, IEEE Transactions on},
  volume	= {52},
  number	= {1},
  pages	= {74--87},
  year		= {2005},
  publisher	={IEEE}
}

@Article{torrence1998practical,
  title		= {A practical guide to wavelet analysis},
  author	= {Torrence, Christopher and Compo, Gilbert P},
  journal	= {Bulletin of the American Meteorological society},
  volume	= {79},
  number	= {1},
  pages	= {61--78},
  year		= {1998}
}

@Article{jin2015mining,
  title		= {Mining requirements from closed-loop control models},
  author	= {Jin, Xiaoqing and Donz{\'e}, Alexandre and Deshmukh, Jyotirmoy V and Seshia, Sanjit A},
  journal	= {Computer-Aided Design of Integrated Circuits and Systems, IEEE Transactions on},
  volume	= {34},
  number	= {11},
  pages	= {1704--1717},
  year		= {2015},
  publisher	= {IEEE}
}

@Article{ben2010user,
  title		= {A userâ€™s guide to support vector machines},
  author	= {Ben-Hur, Asa and Weston, Jason},
  journal	= {Data mining techniques for the life sciences},
  pages	= {223--239},
  year		= {2010},
  publisher	= {Springer}
}

@Article{dluhovs2012expressing,
  title		= {On expressing and monitoring oscillatory dynamics},
  author	= {Dluho{\v{s}}, Petr and Brim, Lubo{\v{s}} and {\v{S}}afr{\'a}nek, David},
  journal	= {arXiv preprint arXiv:1208.3853},
  year		= {2012}
}

@Article{moody2001impact,
  title		= {The impact of the MIT-BIH arrhythmia database},
  author	= {Moody, George B and Mark, Roger G},
  journal	= {IEEE Engineering in Medicine and Biology Magazine},
  volume	= {20},
  number	= {3},
  pages		= {45--50},
  year		= {2001},
  publisher	= {IEEE}
}

@Article{clifford2006ecg,
  title		= {ECG statistics, noise, artifacts, and missing data},
  author	= {Clifford, Gari D and Azuaje, F and McSharry, P},
  journal	= {Advanced Methods and Tools for ECG Data Analysis},
  volume	= {6},
  pages	= {18},
  year		= {2006},
  publisher	= {Artech House, Inc}
}


@Article{clarkson2010hyperproperties,
  title		= {Hyperproperties},
  author	= {Clarkson, Michael R and Schneider, Fred B},
  journal	= {Journal of Computer Security},
  volume	= {18},
  number	= {6},
  pages	= {1157--1210},
  year		= {2010},
  publisher	= {IOS Press}
}

@Article{rabe2016temporal,
  title		= {A temporal logic approach to information-flow control},
  author	= {Rabe, Markus N},
  year		= {2016}
}

@Inproceedings{bartocci2014data,
  title		= {Data-driven statistical learning of temporal logic properties},
  author	= {Bartocci, Ezio and Bortolussi, Luca and Sanguinetti, Guido},
  booktitle	= {International Conference on Formal Modeling and Analysis of Timed Systems},
  pages	= {23--37},
  year		= {2014},
  organization ={Springer}
}

@Inproceedings{flandrin2001time,
  title		= {Time frequency and chirps},
  author	= {Flandrin, Patrick},
  booktitle	= {Aerospace/Defense Sensing, Simulation, and Controls},
  pages	= {161--175},
  year		= {2001},
  organization ={International Society for Optics and Photonics}
}

@Techreport{kapinski2016st,
  title		= {ST-Lib: A Library for Specifying and Classifying Model Behaviors},
  author	= {Kapinski, James and Jin, Xiaoqing and Deshmukh, Jyotirmoy and Donze, Alexandre and Yamaguchi, Tomoya and Ito, Hisahiro and Kaga, Tomoyuki and Kobuna, Shunsuke and Seshia, Sanjit},
  year		= {2016},
  institution	= {SAE Technical Paper}
}

@Book{johnson1993high,
  title		= {High-speed digital design: a handbook of black magic},
  author	= {Johnson, Howard W and Graham, Martin and others},
  volume	= {1},
  year		= {1993},
  publisher	= {Prentice Hall Upper Saddle River, NJ}
}

@Book{mallat1999wavelet,
  title		= {A wavelet tour of signal processing},
  author	= {Mallat, St{\'e}phane},
  year		= {1999},
  publisher	= {Academic press}
}

@Book{wang2005support,
  title		= {Support vector machines: theory and applications},
  author	= {Wang, Lipo},
  volume	= {177},
  year		= {2005},
  publisher	={Springer Science \& Business Media}
}

@Book{scholkopf2001learning,
  title		= {Learning with kernels: support vector machines, regularization, optimization, and beyond},
  author	= {Scholkopf, Bernhard and Smola, Alexander J},
  year		= {2001},
  publisher	= {MIT press}
}


@Book{cohen1995time,
  title		= {Time-frequency analysis},
  author	= {Cohen, Leon},
  volume	= {299},
  year		= {1995},
  publisher	= {Prentice hall}
}

@Book{addison2002illustrated,
  title		={The illustrated wavelet transform handbook: introductory theory and applications in science, engineering, medicine and finance},
  author	={Addison, Paul S},
  year		={2002},
  publisher	={CRC press}
}

@Book{gao2010wavelets,
  title		= {Wavelets: Theory and applications for manufacturing},
  author	= {Gao, Robert X and Yan, Ruqiang},
  year		= {2010},
  publisher	= {Springer Science \& Business Media}
}

@Incollection{maler2004monitoring,
  title		= {Monitoring temporal properties of continuous signals},
  author	= {Maler, Oded and Nickovic, Dejan},
  booktitle	= {Formal Techniques, Modelling and Analysis of Timed and Fault-Tolerant Systems},
  pages	= {152--166},
  year		= {2004},
  publisher	= {Springer}
}

@Incollection{donze2012temporal,
  title		= {On temporal logic and signal processing},
  author	= {Donz{\'e}, Alexandre and Maler, Oded and Bartocci, Ezio and Nickovic, Dejan and Grosu, Radu and Smolka, Scott},
  booktitle	= {Automated Technology for Verification and Analysis},
  pages	= {92--106},
  year		= {2012},
  publisher	= {Springer}
}

@Inproceedings{donze2013efficient,
  title		= {Efficient robust monitoring for STL},
  author	= {Donz{\'e}, Alexandre and Ferrere, Thomas and Maler, Oded},
  booktitle	= {Computer Aided Verification},
  pages	= {264--279},
  year		= {2013},
  organization={Springer}
}

@Inproceedings{asarin2011parametric,
  title		= {Parametric identification of temporal properties},
  author	= {Asarin, Eugene and Donz{\'e}, Alexandre and Maler, Oded and Nickovic, Dejan},
  booktitle	= {Runtime Verification},
  pages	= {147--160},
  year		= {2011},
  organization ={Springer}
}

@Inproceedings{bombaradecision,
  title		= {A Decision Tree Approach to Data Classification using Signal Temporal Logic},
  author	= {Bombara, Giuseppe and Vasile, Cristian-Ioan and Penedo, Francisco and Yasuoka, Hirotoshi and Belta, Calin},
  booktitle	= {Proceedings of the 19th international conference on Hybrid systems: computation and control},
  year		= {2016},
  organization ={ACM}
}

@inproceedings{clarkson2014temporal,
  title		= {Temporal logics for hyperproperties},
  author	= {Clarkson, Michael R and Finkbeiner, Bernd and Koleini, Masoud and Micinski, Kristopher K and Rabe, Markus N and S{\'a}nchez, C{\'e}sar},
  booktitle	= {International Conference on Principles of Security and Trust},
  pages	= {265--284},
  year		= {2014},
  organization ={Springer}
}

@inproceedings{abbas2014robustness,
  title		= {Robustness-guided temporal logic testing and verification for stochastic cyber-physical systems},
  author	= {Abbas, Houssam and Hoxha, Bardh and Fainekos, Georgios and Ueda, Koichi},
  booktitle	= {Cyber Technology in Automation, Control, and Intelligent Systems (CYBER), 2014 IEEE 4th Annual International Conference on},
  pages	= {1--6},
  year		={2014},
  organization ={IEEE}
}

@inproceedings{kocher1999differential,
  title		= {Differential power analysis},
  author	= {Kocher, Paul and Jaffe, Joshua and Jun, Benjamin},
  booktitle	= {Annual International Cryptology Conference},
  pages	= {388--397},
  year		={1999},
  organization={Springer}
}

@inproceedings{gamage2010enforcing,
  title		= {Enforcing information flow security properties in cyber-physical systems: A generalized framework based on compensation},
  author	= {Gamage, Thoshitha T and McMillin, Bruce M and Roth, Thomas P},
  booktitle	= {Computer Software and Applications Conference Workshops (COMPSACW), 2010 IEEE 34th Annual},
  pages	= {158--163},
  year		= {2010},
  organization ={IEEE}
}
@inproceedings{mclean1990security,
  title		 ={Security models and information flow},
  author	 ={McLean, John},
  booktitle	 ={Research in Security and Privacy, 1990. Proceedings., 1990 IEEE Computer Society Symposium on},
  pages	 ={180--187},
  year		 ={1990},
  organization ={IEEE}
}

@inproceedings{goguen1982security,
  title		 = {Security policies and security models},
  author	 = {Goguen, Joseph A and Meseguer, Jos{\'e}},
  booktitle	 = {Security and Privacy, 1982 IEEE Symposium on},
  pages	 = {11--11},
  year		 = {1982},
  organization ={IEEE}
}

@inproceedings{wan2015security,
  title		 = {Security-aware functional modeling of cyber-physical systems},
  author	 = {Wan, Jiang and Canedo, Arquimedes and Al Faruque, Mohammad Abdullah},
  booktitle	 = {Emerging Technologies \& Factory Automation (ETFA), 2015 IEEE 20th Conference on},
  pages	 = {1--4},
  year		 = {2015},
  organization ={IEEE}
}

@inproceedings{al2015design,
  title		 = {Design methodologies for securing cyber-physical systems},
  author	 = {Al Faruque, Mohammad and Regazzoni, Francesco and Pajic, Miroslav},
  booktitle	 = {Proceedings of the 10th International Conference on Hardware/Software Codesign and System Synthesis},
  pages	 = {30--36},
  year		 = {2015},
  organization ={IEEE Press}
}

@inproceedings{koscher2010experimental,
  title		 = {Experimental security analysis of a modern automobile},
  author	 = {Koscher, Karl and Czeskis, Alexei and Roesner, Franziska and Patel, Shwetak and Kohno, Tadayoshi and Checkoway, Stephen and McCoy, Damon and Kantor, Brian and Anderson, Danny and Shacham, Hovav and others},
  booktitle	 = {Security and Privacy (SP), 2010 IEEE Symposium on},
  pages	 = {447--462},
  year		 = {2010},
  organization ={IEEE}
}

@inproceedings{sagstetter2013security,
  title		 = {Security challenges in automotive hardware/software architecture design},
  author	 = {Sagstetter, Florian and Lukasiewycz, Martin and Steinhorst, Sebastian and Wolf, Marko and Bouard, Alexandre and Harris, William R and Jha, Somesh and Peyrin, Thomas and Poschmann, Axel and Chakraborty, Samarjit},
  booktitle	 = {Proceedings of the Conference on Design, Automation and Test in Europe},
  pages	 = {458--463},
  year		 ={2013},
  organization ={EDA Consortium}
}

@inproceedings{li2011hijacking,
  title		 = {Hijacking an insulin pump: Security attacks and defenses for a diabetes therapy system},
  author	 =  {Li, Chunxiao and Raghunathan, Anand and Jha, Niraj K},
  booktitle	 ={ e-Health Networking Applications and Services (Healthcom), 2011 13th IEEE International Conference on},
  pages	 = {150--156},
  year		 = {2011},
  organization = {IEEE}
}


@inproceedings{kocher1996timing,
  title		= {Timing attacks on implementations of Diffie-Hellman, RSA, DSS, and other systems},
  author	= {Kocher, Paul C},
  booktitle	= {Annual International Cryptology Conference},
  pages	= {104--113},
  year		= {1996},
  organization={Springer}
}

@incollection{rohatgi2009electromagnetic,
  title		= {Electromagnetic attacks and countermeasures},
  author	= {Rohatgi, Pankaj},
  booktitle	= {Cryptographic Engineering},
  pages	= {407--430},
  year		= {2009},
  publisher	= {Springer}
}


@inproceedings{biham1997differential,
  title		 = {Differential fault analysis of secret key cryptosystems},
  author	 = {Biham, Eli and Shamir, Adi},
  booktitle	 = {Annual International Cryptology Conference},
  pages	 = {513--525},
  year		 = {1997},
  organization ={Springer}
}

@inproceedings{jia2013run,
  title		 = {Run-time enforcement of information-flow properties on Android},
  author	 = {Jia, Limin and Aljuraidan, Jassim and Fragkaki, Elli and Bauer, Lujo and Stroucken, Michael and Fukushima, Kazuhide and Kiyomoto, Shinsaku and Miyake, Yutaka},
  booktitle	 = {European Symposium on Research in Computer Security},
  pages	 = {775--792},
  year		 = {2013},
  organization ={Springer}
}

@inproceedings{gamage2009nondeducibility,
  title		 = {Nondeducibility-based analysis of cyber-physical systems},
  author	 = {Gamage, Thoshitha and McMillin, Bruce},
  booktitle	 = {International Conference on Critical Infrastructure Protection},
  pages	 = {169--183},
  year		 ={2009},
  organization ={Springer}
}

@inproceedings{mclean1994general,
  title		 = {A general theory of composition for trace sets closed under selective interleaving functions},
  author	 = {McLean, John},
  booktitle	 = {Research in Security and Privacy, 1994. Proceedings., 1994 IEEE Computer Society Symposium on},
  pages	 = {79--93},
  year		 = {1994},
  organization ={IEEE}
}

@inproceedings{mccullough1987specifications,
  title		 = {Specifications for multi-level security and a hook-up},
  author	 = {McCullough, Daryl},
  booktitle	 = {Security and Privacy, 1987 IEEE Symposium on},
  pages	 = {161--161},
  year		 = {1987},
  organization ={IEEE}
}

@inproceedings{Nghiem2010,
 author = {Nghiem, Truong and Sankaranarayanan, Sriram and Fainekos, Georgios and Ivanci\'{c}, Franjo and Gupta, Aarti and Pappas, George J.},
 title = {Monte-carlo Techniques for Falsification of Temporal Properties of Non-linear Hybrid Systems},
 booktitle = {Proceedings of the 13th ACM International Conference on Hybrid Systems: Computation and Control},
 series = {HSCC '10},
 year = {2010},
 location = {Stockholm, Sweden},
 pages = {211--220},
 numpages = {10},
 acmid = {1755983},
 publisher = {ACM},
 address = {New York, NY, USA}
} 


@inproceedings{wittbold1990information,
  title		  = {Information flow in nondeterministic systems},
  author	  = {Wittbold, J Todd and Johnson, Dale M},
  booktitle	  = {Research in Security and Privacy, 1990. Proceedings., 1990 IEEE Computer Society Symposium on},
  pages	  = {144--161},
  year		  = {1990},
  organization  = {IEEE}
}


@inproceedings{kocher2004security,
  title		  = {Security as a new dimension in embedded system design},
  author	  = {Kocher, Paul and Lee, Ruby and McGraw, Gary and Raghunathan, Anand and Moderator-Ravi, Srivaths},
  booktitle	  = {Proceedings of the 41st annual Design Automation Conference},
  pages	  = {753--760},
  year		  = {2004},
  organization  ={ACM}
}

@inproceedings{wasicek2014aspect,
  title		  = {Aspect-oriented modeling of attacks in automotive cyber-physical systems},
  author	  = {Wasicek, Armin and Derler, Patricia and Lee, Edward A},
  booktitle	  = {Design Automation Conference (DAC), 2014 51st ACM/EDAC/IEEE},
  pages	  = {1--6},
  year 		  = {2014},
  organization = {IEEE}
}

@inproceedings{zdancewic2003observational,
  title		  = {Observational determinism for concurrent program security},
  author	  = {Zdancewic, Steve and Myers, Andrew C},
  booktitle	  = {Computer Security Foundations Workshop, 2003. Proceedings. 16th IEEE},
  pages	  = {29--43},
  year		  = {2003},
  organization ={IEEE}
}

@inproceedings{sabelfeld2005dimensions,
  title		  = {Dimensions and principles of declassification},
  author	  = {Sabelfeld, Andrei and Sands, David},
  booktitle	  = {Computer Security Foundations, 2005. CSFW-18 2005. 18th IEEE Workshop},
  pages	  = {255--269},
  year		  = {2005},
  organization  = {IEEE}
}

@inproceedings{smith2009foundations,
  title		  = {On the foundations of quantitative information flow},
  author	  = {Smith, Geoffrey},
  booktitle	  = {International Conference on Foundations of Software Science and Computational Structures},
  pages	  = {288--302},
  year		  = {2009},
  organization  = {Springer}
}

@article{mo2012cyber,
  title		  = {Cyber--physical security of a smart grid infrastructure},
  author	  = {Mo, Yilin and Kim, Tiffany Hyun-Jin and Brancik, Kenneth and Dickinson, Dona and Lee, Heejo and Perrig, Adrian and Sinopoli, Bruno},
  journal	  = {Proceedings of the IEEE},
  volume	  = {100},
  number	  = {1},
  pages	  = {195--209},
  year		  = {2012},
  publisher	  = {IEEE}
}

@article{bryans2008opacity,
  title		  = {Opacity generalised to transition systems},
  author	  = {Bryans, Jeremy W and Koutny, Maciej and Mazar{\'e}, Laurent and Ryan, Peter YA},
  journal	  = {International Journal of Information Security},
  volume	  = {7},
  number	  ={ 6},
  pages	  = {421--435},
  year		  = {2008},
  publisher	  = {Springer}
}

@inproceedings{fainekos2006temporal,
  title		  = {Temporal logic verification using simulation},
  author	  = {Fainekos, Georgios E and Girard, Antoine and Pappas, George J},
  booktitle	  = {International Conference on Formal Modeling and Analysis of Timed Systems},
  pages	  = {171--186},
  year		  = {2006},
  organization  = {Springer}
}

@inproceedings{abbas2014formal,
  title		  = {Formal property verification in a conformance testing framework},
  author	  = {Abbas, Houssam and Mittelmann, Hans and Fainekos, Georgios},
  booktitle	  = {Formal methods and models for codesign (memocode), 2014 twelfth acm/ieee international conference on},
  pages	  = {155--164},
  year		  = {2014},
  organization ={IEEE}
}

@article{beg2017detection,
  title		  = {Detection of False-data Injection Attacks in Cyber-Physical DC Microgrids},
  author	  = {Beg, Omar and Johnson, Taylor and Davoudi, Ali},
  journal	  = {IEEE Transactions on Industrial Informatics},
  year		  = {2017},
  publisher	  = {IEEE}
}

@article{manandhar2014detection,
  title		  = {Detection of faults and attacks including false data injection attack in smart grid using kalman filter},
  author	  = {Manandhar, Kebina and Cao, Xiaojun and Hu, Fei and Liu, Yao},
  journal	  ={IEEE transactions on control of network systems},
  volume	  = {1},
  number	  = {4},
  pages	  = {370--379},
  year		  = {2014},
  publisher	  = {IEEE}
}

@article{liu2014detecting,
  title		  = {Detecting false data injection attacks on power grid by sparse optimization},
  author	  = {Liu, Lanchao and Esmalifalak, Mohammad and Ding, Qifeng and Emesih, Valentine A and Han, Zhu},
  journal	  = {IEEE Transactions on Smart Grid},
  volume	  = {5},
  number	  = {2},
  pages	  = {612--621},
  year		  = {2014},
  publisher	  = {IEEE}
}

@inproceedings{mishra2015secure,
  title		  = {Secure state estimation: optimal guarantees against sensor attacks in the presence of noise},
  author	  = {Mishra, Shaunak and Shoukry, Yasser and Karamchandani, Nikhil and Diggavi, Suhas and Tabuada, Paulo},
  booktitle	  = {Information Theory (ISIT), 2015 IEEE International Symposium on},
  pages	  = {2929--2933},
  year		  ={2015},
  organization = {IEEE}
}

@book{bhatia2002stability,
  title		  = {Stability theory of dynamical systems},
  author	  = {Bhatia, Nam Parshad and Szeg{\"o}, Giorgio P},
  year		  = {2002},
  publisher	  = {Springer Science \& Business Media}
}

@inproceedings{frehse2011spaceex,
  title		  = {SpaceEx: Scalable verification of hybrid systems},
  author	  = {Frehse, Goran and Le Guernic, Colas and Donz{\'e}, Alexandre and Cotton, Scott and Ray, Rajarshi and Lebeltel, Olivier and Ripado, Rodolfo and Girard, Antoine and Dang, Thao and Maler, Oded},
  booktitle	  = {International Conference on Computer Aided Verification},
  pages	  = {379--395},
  year		  = {2011},
  organization = {Springer}
}

@inproceedings{ravi2004tamper,
  title		 = {Tamper resistance mechanisms for secure embedded systems},
  author	 = {Ravi, Srivaths and Raghunathan, Anand and Chakradhar, Srimat},
  booktitle	 = {VLSI Design, 2004. Proceedings. 17th International Conference on},
  pages	 = {605--611},
  year		 ={2004},
  organization ={IEEE}
}

@inproceedings{Shoukry2013,
 author = {Shoukry, Yasser and Martin, Paul and Tabuada, Paulo and Srivastava, Mani},
 title = {Non-invasive Spoofing Attacks for Anti-lock Braking Systems},
 booktitle = {Proceedings of the 15th International Conference on Cryptographic Hardware and Embedded Systems},
 series = {CHES'13},
 year = {2013},
 isbn = {978-3-642-40348-4},
 location = {Santa Barbara, CA},
 pages = {55--72},
 numpages = {18},
 acmid = {2529706},
 publisher = {Springer-Verlag},
 address = {Berlin, Heidelberg}
} 




@inproceedings{kelsey1998side,
  title		  = {Side channel cryptanalysis of product ciphers},
  author	  = {Kelsey, John and Schneier, Bruce and Wagner, David and Hall, Chris},
  booktitle	  = {European Symposium on Research in Computer Security},
  pages	  = {97--110},
  year		  = {1998},
  organization ={Springer}
}


@article{messerges2002examining,
  title		 ={Examining smart-card security under the threat of power analysis attacks},
  author	 = {Messerges, Thomas S and Dabbish, Ezzat A and Sloan, Robert H},
  journal	 = {IEEE transactions on computers},
  volume	 = {51},
  number	 = {5},
  pages	 ={541--552},
  year		 ={2002},
  publisher	= {IEEE}
}

@inproceedings{hess2000information,
  title		 = {Information leakage attacks against smart card implementations of cryptographic algorithms and countermeasures--a survey},
  author	 = {Hess, Erwin and Janssen, Norbert and Meyer, Bernd and Sch{\"u}tze, Torsten},
  booktitle	 = {EUROSMART Security Conference},
  volume	 = {130},
  year		 = {2000},
  organization ={Citeseer}
}

@book{alford1985distributed,
  title		 = {Distributed systems: methods and tools for specification. An advanced course},
  author	 = {Alford, Mack W and Ansart, Jean-Pierre and Hommel, G{\"u}nter and Lamport, Leslie and Liskov, Barbara and Mullery, Geoff P and Schneider, Fred B},
  year		 = {1985},
  publisher	 = {Springer-Verlag New York, Inc.}
}


@inproceedings{girard2006verification,
  title		  = {Verification using simulation},
  author	  = {Girard, Antoine and Pappas, George J},
  booktitle	  = {International Workshop on Hybrid Systems: Computation and Control},
  pages	  = {272--286},
  year		  = {2006},
  organization  = {Springer}
}

@article{xu2016census,
  title		 = {Census signal temporal logic inference for multiagent group behavior analysis},
  author	 = {Xu, Zhe and Julius, A Agung},
  journal	 = {IEEE Transactions on Automation Science and Engineering},
  year	 = {2016},
  publisher  = {IEEE}
}

@article{hoxha2017mining,
  title		= {Mining parametric temporal logic properties in model-based design for cyber-physical systems},
  author	= {Hoxha, Bardh and Dokhanchi, Adel and Fainekos, Georgios},
  journal	= {International Journal on Software Tools for Technology Transfer},
  pages	= {1--15},
  publisher ={Springer}
}

@inproceedings{brett2017rewriting,
  title		= {Rewriting-Based Runtime Verification for Alternation-Free HyperLTL},
  author	= {Brett, Noel and Siddique, Umair and Bonakdarpour, Borzoo},
  booktitle	= {International Conference on Tools and Algorithms for the Construction and Analysis of Systems},
  pages	= {77--93},
  year	= {2017},
  organization ={Springer}
}

@inproceedings{agrawal2016runtime,
  title		= {Runtime verification of k-safety hyperproperties in HyperLTL},
  author	= {Agrawal, Shreya and Bonakdarpour, Borzoo},
  booktitle	= {Computer Security Foundations Symposium (CSF), 2016 IEEE 29th},
  pages	= {239--252},
  year	= {2016},
  organization= {IEEE}
}

@article{alur1995algorithmic,
  title={The algorithmic analysis of hybrid systems},
  author={Alur, Rajeev and Courcoubetis, Costas and Halbwachs, Nicolas and Henzinger, Thomas A and Ho, P-H and Nicollin, Xavier and Olivero, Alfredo and Sifakis, Joseph and Yovine, Sergio},
  journal={Theoretical computer science},
  volume={138},
  number={1},
  pages={3--34},
  year={1995},
  publisher={Elsevier}
}

@book{alur2015principles,
  title		={Principles of cyber-physical systems},
  author	={Alur, Rajeev},
  year	={2015},
  publisher	={MIT Press}
}

@inproceedings{henzinger2006embedded,
  title={The embedded systems design challenge},
  author={Henzinger, Thomas A and Sifakis, Joseph},
  booktitle={International Symposium on Formal Methods},
  pages={1--15},
  year={2006},
  organization={Springer}
}

@article{lee2000s,
  title={What's ahead for embedded software?},
  author={Lee, Edward A},
  journal={Computer},
  volume={33},
  number={9},
  pages={18--26},
  year={2000},
  publisher={IEEE}
}

@inproceedings{barthe2004secure,
  title		= {Secure information flow by self-composition},
  author	= {Barthe, Gilles and D'Argenio, Pedro R and Rezk, Tamara},
  booktitle	= {Computer Security Foundations Workshop, 2004. Proceedings. 17th IEEE},
  pages	= {100--114},
  year		= {2004},
  organization ={IEEE}
}

@article{kerns2014unmanned,
  title={Unmanned aircraft capture and control via GPS spoofing},
  author={Kerns, Andrew J and Shepard, Daniel P and Bhatti, Jahshan A and Humphreys, Todd E},
  journal={Journal of Field Robotics},
  volume={31},
  number={4},
  pages={617--636},
  year={2014},
  publisher={Wiley Online Library}
}

@inproceedings{tippenhauer2011requirements,
  title={On the requirements for successful GPS spoofing attacks},
  author={Tippenhauer, Nils Ole and P{\"o}pper, Christina and Rasmussen, Kasper Bonne and Capkun, Srdjan},
  booktitle={Proceedings of the 18th ACM conference on Computer and communications security},
  pages={75--86},
  year={2011},
  organization={ACM}
}

@incollection{alur1993hybrid,
  title={Hybrid automata: An algorithmic approach to the specification and verification of hybrid systems},
  author={Alur, Rajeev and Courcoubetis, Costas and Henzinger, Thomas A and Ho, Pei-Hsin},
  booktitle={Hybrid systems},
  pages={209--229},
  year={1993},
  publisher={Springer}
}

@misc{clarke2000model,
  title={Model Checking. 2000},
  author={Clarke, Edmund M and Grumberg, Orna and Peled, Doron},
  year={2000},
  publisher={MIT press}
}

@article{finkbeiner2016synthesis,
  title={Synthesis of Reactive Systems.},
  author={Finkbeiner, Bernd},
  journal={Dependable Software Systems Engineering},
  volume={45},
  pages={72--98},
  year={2016}
}

@article{solar2013program,
  title={Program sketching},
  author={Solar-Lezama, Armando},
  journal={International Journal on Software Tools for Technology Transfer},
  volume={15},
  number={5-6},
  pages={475--495},
  year={2013},
  publisher={Springer}
}

@inproceedings{solar2005programming,
  title={Programming by sketching for bit-streaming programs},
  author={Solar-Lezama, Armando and Rabbah, Rodric and Bod{\'\i}k, Rastislav and Ebcio{\u{g}}lu, Kemal},
  booktitle={ACM SIGPLAN Notices},
  volume={40},
  number={6},
  pages={281--294},
  year={2005},
  organization={ACM}
}

@inproceedings{alur2013syntax,
  title={Syntax-guided synthesis},
  author={Alur, Rajeev and Bodik, Rastislav and Juniwal, Garvit and Martin, Milo MK and Raghothaman, Mukund and Seshia, Sanjit A and Singh, Rishabh and Solar-Lezama, Armando and Torlak, Emina and Udupa, Abhishek},
  booktitle={Formal Methods in Computer-Aided Design (FMCAD), 2013},
  pages={1--8},
  year={2013},
  organization={IEEE}
}

@article{seshia2015combining,
  title={Combining induction, deduction, and structure for verification and synthesis},
  author={Seshia, Sanjit A},
  journal={Proceedings of the IEEE},
  volume={103},
  number={11},
  pages={2036--2051},
  year={2015},
  publisher={IEEE}
}

@article{alur2017automatic,
  title={Automatic synthesis of distributed protocols},
  author={Alur, Rajeev and Tripakis, Stavros},
  journal={ACM SIGACT News},
  volume={48},
  number={1},
  pages={55--90},
  year={2017},
  publisher={ACM}
}

@inproceedings{alur2014synthesizing,
  title={Synthesizing finite-state protocols from scenarios and requirements},
  author={Alur, Rajeev and Martin, Milo and Raghothaman, Mukund and Stergiou, Christos and Tripakis, Stavros and Udupa, Abhishek},
  booktitle={Haifa Verification Conference},
  pages={75--91},
  year={2014},
  organization={Springer}
}

@inproceedings{alur2015automatic,
  title={Automatic completion of distributed protocols with symmetry},
  author={Alur, Rajeev and Raghothaman, Mukund and Stergiou, Christos and Tripakis, Stavros and Udupa, Abhishek},
  booktitle={International Conference on Computer Aided Verification},
  pages={395--412},
  year={2015},
  organization={Springer}
}

@inproceedings{nghiem2010monte,
  title={Monte-carlo techniques for falsification of temporal properties of non-linear hybrid systems},
  author={Nghiem, Truong and Sankaranarayanan, Sriram and Fainekos, Georgios and Ivanci{\'c}, Franjo and Gupta, Aarti and Pappas, George J},
  booktitle={Proceedings of the 13th ACM international conference on Hybrid systems: computation and control},
  pages={211--220},
  year={2010},
  organization={ACM}
}

@inproceedings{kapinski2015simulation,
  title={Simulation-guided approaches for verification of automotive powertrain control systems},
  author={Kapinski, James and Deshmukh, Jyotirmoy and Jin, Xiaoqing and Ito, Hisahiro and Butts, Ken},
  booktitle={American Control Conference (ACC), 2015},
  pages={4086--4095},
  year={2015},
  organization={IEEE}
}

@inproceedings{henzinger1995s,
  title={What's decidable about hybrid automata?},
  author={Henzinger, Thomas A and Kopke, Peter W and Puri, Anuj and Varaiya, Pravin},
  booktitle={Proceedings of the twenty-seventh annual ACM symposium on Theory of computing},
  pages={373--382},
  year={1995},
  organization={ACM}
}


@inproceedings{annpureddy2011s,
  title={S-taliro: A tool for temporal logic falsification for hybrid systems},
  author={Annpureddy, Yashwanth and Liu, Che and Fainekos, Georgios and Sankaranarayanan, Sriram},
  booktitle={International Conference on Tools and Algorithms for the Construction and Analysis of Systems},
  pages={254--257},
  year={2011},
  organization={Springer}
}

@inproceedings{david2010timed,
  title={Timed I/O automata: a complete specification theory for real-time systems},
  author={David, Alexandre and Larsen, Kim G and Legay, Axel and Nyman, Ulrik and Wasowski, Andrzej},
  booktitle={Proceedings of the 13th ACM international conference on Hybrid systems: computation and control},
  pages={91--100},
  year={2010},
  organization={ACM}
}

@article{bak2017hybrid,
  title={Hybrid automata: from verification to implementation},
  author={Bak, Stanley and Beg, Omar Ali and Bogomolov, Sergiy and Johnson, Taylor T and Nguyen, Luan Viet and Schilling, Christian},
  journal={International Journal on Software Tools for Technology Transfer},
  pages={1--18},
  year={2017},
  publisher={Springer}
}



@inproceedings{manamcheri2011step,
  title={A step towards verification and synthesis from simulink/stateflow models},
  author={Manamcheri, Karthik and Mitra, Sayan and Bak, Stanley and Caccamo, Marco},
  booktitle={Proceedings of the 14th international conference on Hybrid systems: computation and control},
  pages={317--318},
  year={2011},
  organization={ACM}
}

@inproceedings{minopoli2016sl2sx,
  title={SL2SX translator: from Simulink to SpaceEx models},
  author={Minopoli, Stefano and Frehse, Goran},
  booktitle={Proceedings of the 19th International Conference on Hybrid Systems: Computation and Control},
  pages={93--98},
  year={2016},
  organization={ACM}
}

@article{schwarz2011modelling,
  title={Modelling a real-time control system using parameterized linear hybrid automata},
  author={Schwarz, Christian},
  journal={Informatik 2011},
  pages={328},
  year={2011}
}

@inproceedings{jackson28resilience,
  title={Resilience profiling in the model-based design of cyber-physical systems},
  author={Jackson, Mark and Fitzgerald, J},
  booktitle={14th Overture Workshop: Towards Analytical Tool Chains, Technical Report ECE-TR-28},
  pages={1--15}
}

@inproceedings{fitzgerald2012rigorous,
  title={A rigorous approach to the design of resilient cyber-physical systems through co-simulation},
  author={Fitzgerald, John and Pierce, Ken and Gamble, Carl},
  booktitle={Dependable Systems and Networks Workshops (DSN-W), 2012 IEEE/IFIP 42nd International Conference on},
  pages={1--6},
  year={2012},
  organization={IEEE}
}

@article{koutsoukos2018sure,
  title={SURE: A Modeling and Simulation Integration Platform for Evaluation of SecUre and REsilient Cyber--Physical Systems},
  author={Koutsoukos, Xenofon and Karsai, Gabor and Laszka, Aron and Neema, Himanshu and Potteiger, Bradley and Volgyesi, Peter and Vorobeychik, Yevgeniy and Sztipanovits, Janos},
  journal={Proceedings of the IEEE},
  volume={106},
  number={1},
  pages={93--112},
  year={2018},
  publisher={IEEE}
}

@inproceedings{neema2018integrated,
  title={Integrated simulation testbed for security and resilience of CPS},
  author={Neema, Himanshu and Potteiger, Bradley and Koutsoukos, Xenofon and Karsai, Gabor and Volgyesi, Peter and Sztipanovits, Janos},
  booktitle={Proceedings of the 33rd Annual ACM Symposium on Applied Computing},
  pages={368--374},
  year={2018},
  organization={ACM}
}

@inproceedings{frehse2008counterexample,
  title={A counterexample-guided approach to parameter synthesis for linear hybrid automata},
  author={Frehse, Goran and Jha, Sumit Kumar and Krogh, Bruce H},
  booktitle={International Workshop on Hybrid Systems: Computation and Control},
  pages={187--200},
  year={2008},
  organization={Springer}
}

@inproceedings{liu2011class,
  title={A class of cyber-physical switching attacks for power system disruption},
  author={Liu, Shan and Feng, Xianyong and Kundur, Deepa and Zourntos, Takis and Butler-Purry, Karen},
  booktitle={Proceedings of the Seventh Annual Workshop on Cyber Security and Information Intelligence Research},
  pages={16},
  year={2011},
  organization={ACM}
}

@inproceedings{agrawal2003end,
  title={An end-to-end domain-driven software development framework},
  author={Agrawal, Aditya and Karsai, Gabor and L{\'e}deczi, {\'A}kos},
  booktitle={Companion of the 18th annual ACM SIGPLAN conference on Object-oriented programming, systems, languages, and applications},
  pages={8--15},
  year={2003},
  organization={ACM}
}

@article{agrawal2003graph,
  title={Graph transformations on domain-specific models},
  author={Agrawal, Aditya and Karsai, Gabor and Shi, Feng},
  journal={Journal on Software and Systems Modeling},
  volume={37},
  pages={1--43},
  year={2003}
}

@article{agrawal2004semantic,
  title={Semantic translation of Simulink/Stateflow models to hybrid automata using graph transformations},
  author={Agrawal, Aditya and Simon, Gyula and Karsai, Gabor},
  journal={Electronic Notes in Theoretical Computer Science},
  volume={109},
  pages={43--56},
  year={2004},
  publisher={Elsevier}
}

@inproceedings{bak2015hyst,
  title={HYST: a source transformation and translation tool for hybrid automaton models},
  author={Bak, Stanley and Bogomolov, Sergiy and Johnson, Taylor T},
  booktitle={Proceedings of the 18th International Conference on Hybrid Systems: Computation and Control},
  pages={128--133},
  year={2015},
  organization={ACM}
}

@article{chen2009formal,
  title={A formal framework for modeling and validating Simulink diagrams},
  author={Chen, Chunqing and Dong, Jin Song and Sun, Jun},
  journal={Formal Aspects of Computing},
  volume={21},
  number={5},
  pages={451--483},
  year={2009},
  publisher={Springer}
}

@inproceedings{liu2010calculus,
  title={A calculus for hybrid CSP},
  author={Liu, Jiang and Lv, Jidong and Quan, Zhao and Zhan, Naijun and Zhao, Hengjun and Zhou, Chaochen and Zou, Liang},
  booktitle={Asian Symposium on Programming Languages and Systems},
  pages={1--15},
  year={2010},
  organization={Springer}
}

@inproceedings{schrammel2012hybrid,
  title={From hybrid data-flow languages to hybrid automata: A complete translation},
  author={Schrammel, Peter and Jeannet, Bertrand},
  booktitle={Proceedings of the 15th ACM international conference on Hybrid Systems: Computation and Control},
  pages={167--176},
  year={2012},
  organization={ACM}
}

@article{tripakis2005translating,
  title={Translating discrete-time Simulink to Lustre},
  author={Tripakis, Stavros and Sofronis, Christos and Caspi, Paul and Curic, Adrian},
  journal={ACM Transactions on Embedded Computing Systems (TECS)},
  volume={4},
  number={4},
  pages={779--818},
  year={2005},
  publisher={ACM}
}

@inproceedings{farraj2014practical,
  title={Practical limitations of sliding-mode switching attacks on smart grid systems},
  author={Farraj, Abdallah K and Hammad, Eman M and Kundur, Deepa and Butler-Purry, Karen L},
  booktitle={PES General Meeting| Conference \& Exposition, 2014 IEEE},
  pages={1--5},
  year={2014},
  organization={IEEE}
}

@article{liu2014coordinated,
  title={A coordinated multi-switch attack for cascading failures in smart grid},
  author={Liu, Shan and Chen, Bo and Zourntos, Takis and Kundur, Deepa and Butler-Purry, Karen},
  journal={IEEE Transactions on Smart Grid},
  volume={5},
  number={3},
  pages={1183--1195},
  year={2014},
  publisher={IEEE}
}

@article{decarlo1988variable,
  title={Variable structure control of nonlinear multivariable systems: a tutorial},
  author={DeCarlo, Raymond A and Zak, Stanislaw H and Matthews, Gregory P},
  journal={Proceedings of the IEEE},
  volume={76},
  number={3},
  pages={212--232},
  year={1988},
  publisher={IEEE}
}

@book{sabanovic2004variable,
  title={Variable structure systems: from principles to implementation},
  author={Sabanovic, Asif and Fridman, Leonid M and Spurgeon, Sarah and Spurgeon, Sarah K},
  volume={66},
  year={2004},
  publisher={IET}
}

@article{sauer1998power,
  title={Power system dynamics and stability},
  author={Sauer, Peter W and Pai, MA},
  journal={Urbana},
  year={1998}
}

@inproceedings{asarin2002d,
  title={The d/dt tool for verification of hybrid systems},
  author={Asarin, Eugene and Dang, Thao and Maler, Oded},
  booktitle={International Conference on Computer Aided Verification},
  pages={365--370},
  year={2002},
  organization={Springer}
}

@inproceedings{chen2013flow,
  title={Flow*: An analyzer for non-linear hybrid systems},
  author={Chen, Xin and {\'A}brah{\'a}m, Erika and Sankaranarayanan, Sriram},
  booktitle={International Conference on Computer Aided Verification},
  pages={258--263},
  year={2013},
  organization={Springer}
}

@inproceedings{kong2015dreach,
  title={dReach: $\delta$-reachability analysis for hybrid systems},
  author={Kong, Soonho and Gao, Sicun and Chen, Wei and Clarke, Edmund},
  booktitle={International Conference on Tools and Algorithms for the Construction and Analysis of Systems},
  pages={200--205},
  year={2015},
  organization={Springer}
}

@inproceedings{duggirala2015c2e2,
  title={C2E2: a verification tool for stateflow models},
  author={Duggirala, Parasara Sridhar and Mitra, Sayan and Viswanathan, Mahesh and Potok, Matthew},
  booktitle={International Conference on Tools and Algorithms for the Construction and Analysis of Systems},
  pages={68--82},
  year={2015},
  organization={Springer}
}

@InProceedings{frehse2011cav,
  Title                    = {{SpaceEx}: {S}calable Verification of Hybrid Systems},
  Author                   = {Frehse, Goran and Le Guernic, Colas and Donz\'e, Alexandre and Cotton, Scott and Ray, Rajarshi and Lebeltel, Olivier and Ripado, Rodolfo and Girard, Antoine and Dang, Thao and Maler, Oded},
  Booktitle                = {Computer Aided Verification (CAV)},
  Year                     = {2011},
  Publisher                = {Springer},
  Series                   = {LNCS},
  File                     = {frehse2011cav.pdf:frehse2011cav.pdf:PDF}
}

@article{humayed2017cyber,
  title={Cyber-physical systems securityâ€”A survey},
  author={Humayed, Abdulmalik and Lin, Jingqiang and Li, Fengjun and Luo, Bo},
  journal={IEEE Internet of Things Journal},
  volume={4},
  number={6},
  pages={1802--1831},
  year={2017},
  publisher={IEEE}
}